<<<<<<< HEAD
@online{telephoneInterview,
	author = {Kerk, F, Kee and Larry D. Browning},
	title = {Recruiting for and Conducting Qualitative Telephone Interviews to Study Dispersed Groups, Virtual Organizations, and Distributed Communities},
	url = {http://octgroup.org/wp-content/uploads/2017/02/1.-Recruiting-and-Conducting-Interviews-Kee-Browning-2013.pdf},
	OPTmonth = {11},
	OPTyear = {2013}
}
=======
@article{articleTemplate,
  author  = "Template, Author1 and Template Author2",
  title   = "Template title",
  journal = "Template Journal",
  year    = 2018,
}

@online{onlineTemplate,
	author = "Template author",
	title = "Template Title",
	url = {TemplateUrl},
	note = {visited on year-month-day}
}

>>>>>>> Cleaned bibliography and added template citations
@book{interactionDesign,
	title = {Interaction design : Beyond human-computer interaction (4.th ed.).},
	author = {Preece J. Sharp Helen, Rogers Yvonne.},
	year = {2015},
	publisher = {Hoboken NJ: John Wiley \& Sons.}
}
@book{bjoernerBog,
	title={Qualitative Methods for Consumer Research: The Value of the Qualitative Approach in Theory and Practice},
	author={Bj{\o}rner, T.},
	isbn={9788741258539},
	url={https://books.google.dk/books?id=xAjtrQEACAAJ},
	year={2015},
	publisher={Gyldendal Akademisk}
}
@article{powerOfMusic,
	author = {Susan Hallam},
	title ={The power of music: Its impact on the intellectual, social and personal development of children and young people},
	journal = {International Journal of Music Education},
	volume = {28},
	number = {3},
	pages = {269-289},
	year = {2010},
	doi = {10.1177/0255761410370658},
	URL = { 
	https://doi.org/10.1177/0255761410370658
	},
	eprint = { 
	https://doi.org/10.1177/0255761410370658
	}
}